@article{krahmer2006blind,
  title={Blind image deconvolution: Motion blur estimation},
  author={Krahmer, Felix and Lin, Youzuo and McAdoo, Bonnie and Ott, Katharine and Wang, Jiakou and Widemann, David and Wohlberg, Brendt},
  journal={IMA Preprints Series},
  pages={2133--5},
  year={2006}
}
@incollection{oliveira2007blind,
  title={Blind estimation of motion blur parameters for image deconvolution},
  author={Oliveira, Jo{\~a}o P and Figueiredo, M{\'a}rio AT and Bioucas-Dias, Jos{\'e} M},
  booktitle={Pattern Recognition and Image Analysis},
  pages={604--611},
  year={2007},
  publisher={Springer}
}
@article{jiang2005motion,
  title={Motion Deblurring},
  author={Jiang, Xiaoyi and Cheng, Da-Chuan and Wachenfeld, Steffen and Rothaus, Kai},
  journal={University of Muenster, Department of Mathematics and Computer Science},
  year={2005}
} % MotionDeblurring-Ausarbeitung.pdf
@article{ng1999fast,
  title={A fast algorithm for deblurring models with Neumann boundary conditions},
  author={Ng, Michael K and Chan, Raymond H and Tang, Wun-Cheung},
  journal={SIAM Journal on Scientific Computing},
  volume={21},
  number={3},
  pages={851--866},
  year={1999},
  publisher={SIAM}
} % fast_algo_neumann.pdf
@article{wang2014alternating,
  title={An alternating iterative algorithm for image deblurring and denoising problems},
  author={Wang, Si and Huang, Ting-Zhu and Liu, Jun and Lv, Xiao-Guang},
  journal={Communications in Nonlinear Science and Numerical Simulation},
  volume={19},
  number={3},
  pages={617--626},
  year={2014},
  publisher={Elsevier}
}
@article{biemond1990iterative,
  title={Iterative methods for image deblurring},
  author={Biemond, Jan and Lagendijk, Reginald L and Mersereau, Russell M},
  journal={Proceedings of the IEEE},
  volume={78},
  number={5},
  pages={856--883},
  year={1990},
  publisher={IEEE}
}
@article{Deshpande2014606,
title = "A novel modified cepstral based technique for blind estimation of motion blur ",
journal = "Optik - International Journal for Light and Electron Optics ",
volume = "125",
number = "2",
pages = "606 - 615",
year = "2014",
note = "",
issn = "0030-4026",
doi = "http://dx.doi.org/10.1016/j.ijleo.2013.05.189",
url = "http://www.sciencedirect.com/science/article/pii/S0030402613009960",
author = "Ashwini M. Deshpande and Suprava Patnaik",
keywords = "Motion blur estimation",
keywords = "Modified cepstrum",
keywords = "Bit plane slicing",
keywords = "Point spread function",
keywords = "Blind deconvolution "
}
@article{Dash20141634,
title = "Motion blur parameters estimation for image restoration ",
journal = "Optik - International Journal for Light and Electron Optics ",
volume = "125",
number = "5",
pages = "1634 - 1640",
year = "2014",
note = "",
issn = "0030-4026",
doi = "http://dx.doi.org/10.1016/j.ijleo.2013.09.026",
url = "http://www.sciencedirect.com/science/article/pii/S0030402613012734",
author = "Ratnakar Dash and Banshidhar Majhi",
keywords = "Image restoration",
keywords = "Blind image deconvolution",
keywords = "Point Spread Function",
keywords = "Motion blur",
keywords = "Radial basis function networks "
}
@article{Wu2009231,
title = "Blind blur assessment for vision-based applications ",
journal = "Journal of Visual Communication and Image Representation ",
volume = "20",
number = "4",
pages = "231 - 241",
year = "2009",
note = "",
issn = "1047-3203",
doi = "http://dx.doi.org/10.1016/j.jvcir.2009.03.002",
url = "http://www.sciencedirect.com/science/article/pii/S1047320309000297",
author = "Shiqian Wu and Weisi Lin and Shoulie Xie and Zhongkang Lu and Ee Ping Ong and Susu Yao",
keywords = "Blur identification",
keywords = "Point spread function",
keywords = "Line spread function",
keywords = "Blur model",
keywords = "Edge detection",
keywords = "Radon transform",
keywords = "Image interpolation",
keywords = "Blind image quality evaluation "
}
@article{EbrahimiMoghaddam20071946,
title = "Motion blur identification in noisy images using mathematical models and statistical measures ",
journal = "Pattern Recognition ",
volume = "40",
number = "7",
pages = "1946 - 1957",
year = "2007",
note = "",
issn = "0031-3203",
doi = "http://dx.doi.org/10.1016/j.patcog.2006.11.022",
url = "http://www.sciencedirect.com/science/article/pii/S0031320306004948",
author = "Mohsen Ebrahimi Moghaddam and Mansour Jamzad",
keywords = "Motion blur",
keywords = "Blur identification",
keywords = "Radon transform",
keywords = "Bispectrum",
keywords = "Mathematical models "
}
@article{Wang2014617,
title = "An alternating iterative algorithm for image deblurring and denoising problems ",
journal = "Communications in Nonlinear Science and Numerical Simulation ",
volume = "19",
number = "3",
pages = "617 - 626",
year = "2014",
note = "",
issn = "1007-5704",
doi = "http://dx.doi.org/10.1016/j.cnsns.2013.07.004",
url = "http://www.sciencedirect.com/science/article/pii/S1007570413003067",
author = "Si Wang and Ting-Zhu Huang and Jun Liu and Xiao-Guang Lv",
keywords = "Deblurring",
keywords = "Denoising",
keywords = "Total variation",
keywords = "Alternating iterative algorithm",
keywords = "Fast iterative shrinkage-thresholding algorithm",
keywords = "l 1 Regularization "
}
@article{temerinac2010tile,
  title={Tile-based Lucy-Richardson Deconvolution Modelling a Spatially-Varying PSF for Fast Multiview Fusion of Microscopical Images},
  author={Temerinac-Ott, Maja},
  year={2010},
  publisher={University of Freiburg}
}
@article{hebert1989generalized,
  title={A generalized EM algorithm for 3-D Bayesian reconstruction from Poisson data using Gibbs priors},
  author={Hebert, Tom and Leahy, Richard},
  journal={Medical Imaging, IEEE Transactions on},
  volume={8},
  number={2},
  pages={194--202},
  year={1989},
  publisher={IEEE}
}
@article{richardson1972bayesian,
  title={Bayesian-based iterative method of image restoration},
  author={Richardson, William Hadley},
  journal={JOSA},
  volume={62},
  number={1},
  pages={55--59},
  year={1972},
  publisher={Optical Society of America}
}
